@INPROCEEDINGS{4725791,
  author={Mishra, Swati and Bande, Pankaj},
  booktitle={2008 IEEE International Conference on Signal Image Technology and Internet Based Systems},
  title={Maze Solving Algorithms for Micro Mouse},
  year={2008},
  volume={},
  number={},
  pages={86-93},
  keywords={Mice;Robot kinematics;Intelligent robots;Navigation;Robotics and automation;Algorithm design and analysis;Logic;Path planning;Educational robots;Software algorithms;Mobile Robot Navigation;Algorithms;Micromouse;Flood fill;Djikstra},
  doi={10.1109/SITIS.2008.104}}

@INPROCEEDINGS{5591159,
  author={Dang, Hongshe and Song, Jinguo and Guo, Qin},
  booktitle={2010 Second International Conference on Intelligent Human-Machine Systems and Cybernetics},
  title={An Efficient Algorithm for Robot Maze-Solving},
  year={2010},
  volume={2},
  number={},
  pages={79-82},
  keywords={Floods;Algorithm design and analysis;Robot sensing systems;Robot kinematics;IEEE standards;Infrared sensors;robot;maze-solving;finding path;intelligent algorithm},
  doi={10.1109/IHMSC.2010.119}}

@INPROCEEDINGS{5497446,
  author={Cai, Jianping and Wu, Jianzhong and Huo, Meimei and Huang, Jian},
  booktitle={2010 2nd International Conference on Future Computer and Communication},
  title={A micromouse maze sovling simulator},
  year={2010},
  volume={3},
  number={},
  pages={V3-686-V3-689},
  keywords={Computational modeling;Computer simulation;Algorithm design and analysis;Partitioning algorithms;Analytical models;Mobile robots;Costs;Intelligent robots;Robot sensing systems;Intelligent sensors;simulator;micromouse;maze;algorithm},
  doi={10.1109/ICFCC.2010.5497446}}

@misc{mackorone-mms,
  author={mackorone},
  title={mms},
  howpublished={\url{https://github.com/mackorone/mms}}}

@misc{vineetvb-micromouse,
  author={vineetvb},
  title={micromouse},
  howpublished={\url{https://github.com/vineetvb/micromouse}}}

@misc{AD-Codex-Micromouse-C-Simulation-2022,
  author={AD-Codex},
  title={Micromouse\textunderscore C\textunderscore Simulation\textunderscore 2022},
  howpublished={\url{https://github.com/AD-Codex/Micromouse_C_Simulation_2022}}}

@misc{jimenezjose-Micromouse-Simulator,
  author={jimenezjose},
  title={Micromouse\textunderscore Simulator},
  howpublished={\url{https://github.com/jimenezjose/Micromouse_Simulator}}}
